@inproceedings{kostrzewa2021music,
  title={Music Genre Classification: Looking for the Perfect Network},
  author={Kostrzewa, Daniel and Kaminski, Piotr and Brzeski, Robert},
  booktitle={International Conference on Computational Science},
  pages={55--67},
  year={2021},
  organization={Springer}
}

@article{zeng2019spectrogram,
  title={Spectrogram based multi-task audio classification},
  author={Zeng, Yuni and Mao, Hua and Peng, Dezhong and Yi, Zhang},
  journal={Multimedia Tools and Applications},
  volume={78},
  number={3},
  pages={3705--3722},
  year={2019},
  publisher={Springer}
}